@ARTICLE{Cacik,
  Author     = {Francisco Cacik and Rodolfo G Dondo and Dardo
           Marqu\'es},
  Journal    = {Computers and Chemical Engineering},
  Number     = {25},
  Pages      = {409-418},
  Title      = {Optimal Control of a batch bioreactor for the 
           production of {X}anthan gum},
  Year       = {2001}
}

@ARTICLE{hagberg1,
  Author     = {B Hagberg and N H Sch\"o\"on},
  Journal    = {Svensk Papperstidning},
  Number     = {15},
  Pages      = {127-130},
  Title      = {Kinetical aspects of the acid sulfite cooking process:
           Part 1: Rates of dissolution of lignin and
           hemicellulose},
  Volume     = {76},
  Year       = {1973}
}

@TECHREPORT{HarrisSeppala,
  Address     = {Kingston, ON},
  Author      = {T J Harris and C T Seppala},
  Institution = {Department of Chemical Engineering, Queen's University},
  Title       = {Recent Developments in Controller Performance Monitoring and Assessment Techniques},
  Year        = {Unknown}
}

@TECHREPORT{HarrisSeppalaBacon,
  Address    = {Kingston, ON},
  Author     = {T J Harris and C T Seppala and D W Bacon},
  Institution  = {Department of Chemical Engineering, Queen's University},
  Month     = {August},
  Title     = {Dynamic Analysis of Minimum Variance Methods for
           Multivariate Control System Data},
  Year      = {1999}
}

@ARTICLE{Harris,
  Author     = {Thomas J Harris and F Boudreau and J F MacGregor },
  Journal    = {Automatica},
  Number     = {11},
  Pages      = {1505--1518},
  Title      = {Performance assessmant of multivariable controllers},
  Volume     = {32},
  Year       = {1996}
}

@MASTERSTHESIS{Andre,
  Author     = {Andr\'e Kilian},
  Note       = {Main reference},
  School     = {University of Pretoria},
  Title      = {Control of an acid sulphite batch pulp digester based
           on a fundamental process model},
  Year       = {1999}
}

@ARTICLE{Patwardan,
  Author     = {Rohit S Patwardhan and Sirish L Shah},
  Journal    = {Journal of Process Control},
  Number     = {12},
  Pages      = {413--427},
  Title      = {Issues in performance diagnostics of model-based
           controllers},
  Year       = {2002}
}

@ARTICLE{Venkatesan,
  Author     = {G Venkatesan},
  Journal    = {Computers and Electrical Engineering},
  Number     = {28},
  Pages      = {229--239},
  Title      = {An algorithm for minimum variance control of a dynamic
           time-delay system to reduce product variability},
  Year       = {2002}
}

@ARTICLE{Wisnewski,
  Author     = {Philip A Wisnewski and Francis J Doyle III},
  Journal    = {Journal of Process Control},
  Note       = {Continuous control strategy},
  Number     = {5-6},
  Pages      = {487--495},
  Title      = {Control structure selection and model predictive
           control of the Weyerhaeuser digester problem},
  Volume     = {8},
  Year       = {1998}
}

@BOOK{Skogestad,
  Address    = {USA},
  Author     = {Sigurd Skogestad},
  Publisher  = {Wiley and sons},
  Title      = {Multivariable feedback control -- Analysis and Design},
  Year       = {1996}
}

@BOOK{Luyben,
  Address    = {USA},
  Author     = {William L Luyben},
  Edition    = {Second edition},
  Publisher   = {McGraw-Hill international},
  Title     = {Process modelling, simulation and control for chemical engineers},
  Year      = {1990}
}

@ARTICLE{Yorston,
  Author     = {F H Yorston and N Liebergott},
  Journal    = {Pulp and paper magazine of Canada},
  Month     = {May},
  Number     = {66},
  Pages     = {272},
  Title     = {Correlation of the rate of Sulphite pulping with temperature and pressure},
  Year      = {1965}
}

@INPROCEEDINGS{Marr,
  Address      = {Quebec},
  Author       = {S Y Marr and W B Bondy},
  Booktitle    = {International Sulphite Conference},
  Organization = {CPPA/TAPPI},
  Title        = {Application of viscosity prediction model in Sulphite Pulping},
  Year         = {1986}
}

@TechReport{SaiccorNeural,
  Author       = {M Pellow-Jarman},
  Howpublished = {Internal report},
  Address      = {Durban},
  Institution  = {SAPPI/SAICCOR},
  Title        = {Neural network analysis of digester 11 including 4 hour liquor strength and 5 25 liquor colour},
  Year         = {1998}
}

@TechReport{SaiccorCookAnalysis,
  Author       = {M Pellow-Jarman},
  Howpublished = {Internal report},
  Address      = {Durban},
  Institution  = {SAPPI/SAICCOR},
  Title        = {Correlations between viscosities at cook end and cooking conditions on Digester 11},
  Year         = {1997}
}

@MISC{sappiweb,
  Author        = {{SAPPI web site}},
  Howpublished  = {Internet Site},
  Title         = {http:{//}www sappi co za},
  Year          = {2002}
}

@TECHREPORT{PulpTrends,
  Address      = {USA},
  Author       = {Irene Durbak},
  Howpublished = {Booklet},
  Institution  = {United States department of agriculture},
  Month        = {September},
  Title        = {Dissolving pulp industry - Market trends},
  Year         = {1993}
}

@BOOK{BatchControl,
  Address      = {USA},
  Author       = {A Eli Nisenfeld},
  Publisher    = {Instrument Society of America},
  Title        = {Batch Control - Practical guides for measurement and control},
  Year         = {1996}
}

@INCOLLECTION{Berber,
  Address     = {Netherlandds},
  Author      = {Ridvan Berber},
  Booktitle   = {Methods of model based process control},
  Editor      = {Ridvan Berber},
  Pages       = {459--494},
  Publisher   = {Kluwer academic publishing},
  Title       = {Control of bath reactors : a review},
  Year        = {1995}
}

@BOOK{Mooney,
  Address     = {Thousand Oaks, CA: Sage},
  Author      = {Christopher Z Mooney},
  Publisher   = {Sage Publications},
  Series      = {Sage University Paper series on Quantitative Applications in the Social Sciences},
  Title       = {Monte Carlo Simulation},
  Volume      = {07-116},
  Year        = {1997}
}

@INPROCEEDINGS{Rippin,
  Address      = {The Netherlands},
  Author       = {D W T Rippin},
  Booktitle    = {Dynamics and Control of Chemical Reactors},
  Organization = {IFAC},
  Pages        = {131--141},
  Title        = {Control of batch processes},
  Year         = {1989}
}

@INPROCEEDINGS{Juba,
  Address      = {Amsterdam},
  Author       = {M R Juba and J W Hamer},
  Booktitle    = {Chemical Process control},
  Editor       = {M Morari and T J McAvoy},
  Organization = {AIChE},
  Pages        = {139--183},
  Publisher    = {CACHE Austin TX and Elsevier},
  Title        = {Progress and challenges in batch process control},
  Volume       = {III},
  Year         = {1986}
}

@BOOK{Kleijnen,
  Address    = {USA},
  Author     = {Jack P C Kleijnen},
  Publisher   = {Department of statistics, Southern Methodist University},
  Series     = {Statistics textbooks and monographs},
  Title     = {Statistical techniques in simulation, part II},
  Volume     = {9},
  Year      = {1975}
}

@BOOK{Intelcontrol,
  Address    = {New York},
  Author     = {Madan M Gupta and Naresh K Sinha},
  Publisher   = {IEEE Press},
  Title     = {Intelligent Control Systems},
  Year      = {1996}
}

@BOOK{Stephanopoulos,
  Address    = {New Jersey, USA},
  Author     = {George Stephanopoulos},
  Publisher   = {Prentice Hall},
  Title     = {Chemical process control: an introduction to theory and practice},
  Year      = {1984}
}

@ARTICLE{Kim,
  Author     = {Jaehyuon Kim and C Robert Carlson},
  Journal    = {Information and software technology},
  Number     = {43},
  Pages     = {539-549},
  Title     = {Design units - a layered approach for design driven software development},
  Year      = {2001}
}

@ARTICLE{HarrisSepalaDes,
  Author     = {T J Harris and C T Seppala and L D Desborough},
  Journal    = {Journal of process control},
  Pages     = {1-17},
  Title     = {A review of performance monitoring and assessment techniques for univariate and multivariate control systems},
  Volume     = {9},
  Year      = {1999}
}

@ARTICLE{Dave,
  Author     = {Dhaval J Dave and Murtuza Z Dabhiya and S V K Satyadev and Saibal Ganguly and Deoki N Saraf},
  Journal    = {Journal of process control},
  Pages     = {??},
  Title     = {Online tuning of a steady state crude distillation unit model for real
           time applications},
  Volume     = {???},
  Year      = {????}
}

@BOOK{OgunnaikeRay,
 Adress      = {New York}, 
 Author      = {Babatunde A Ogunnaike and W Harmon Ray},
 Title       = {Process dynamics, modeling and control},
 Publisher   = {Oxford University Press},
 Year        = {1994}
}

@BOOK{Marlin,
 Adress =    {Boston}, 
 Author = 	 {Thomas E Marlin},
 Title = 	 {Designing processes and control systems for dynamic performance},
 Publisher = 	 {McGraw-Hill},
 Year = 	 {2000}
}

@ARTICLE{Balak,
  Author     = {K S Balakrishnan and T F Edgar},
  Journal    = {Thin Solid Films},
  Number     = {365},
  Pages      = {322-333},
  Title      = {Model-based control in rapid thermal processing},
  Year       = {2000}
}

@BOOK{Mulley,
  Address    = {North-Carolina},
  Author     = {R Mulley},
  Publisher  = {Instrument Society of America},
  Title      = {Control System Documentation, Applying Symbols and Identification},
  Year       = {1994}
}

@ARTICLE{Viswanathan,
  Author     = {S Viswanathan and C Johnsson and R Srinivasan and V Venkatasubramanian and K \AA{}rs\'en},
  Journal    = {Computers and Chemical Engineering},
  Note      = {Priority: Low
           Comment: Grafchart is used for the automatic generation of batch process recipies },
  Number     = {11},
  Pages      = {1673--1685},
  Title      = {Automatic operating procedure synthesis for batch processes: Part 1 Knowledge representation and planning framework},
  Volume     = {22},
  Year       = {1998}
}

@ARTICLE{Barolo,
  Author     = {M Barolo and P Dal Cengio},
  Journal    = {Computers and Chemical Engineering},
  Pages      = {561--569},
  Title      = {Closed-loop optimal operation of batch distillation columns},
  Volume     = {25},
  Year       = {2001}
}

@INCOLLECTION{Hang,
  Address    = {New York},
  Author     = {C Hang and K Lim and T Tay},
  Booktitle  = {Adaptive and Learning Systems, Theory and Applications},
  Editor     = {K Narendra},
  Pages      = {105--118},
  Publisher  = {Plenum Press},
  Title      = {On practical implementations of adaptive control },
  Year       = {1986}
}

@ARTICLE{Mezghani,
  Author     = {M Mezghani and G Roux and M Cabassud and B Dahou and M Le Lann and G Gasamatta},
  Journal    = {Mathematics and Computers in Simulation},
  Pages      = {367--385},
  Title      = {Robust iterative learning control of an exothermic semi-batch chemical reactor},
  Volume     = {57},
  Year       = {2001}
}

@ARTICLE{Amann,
  Author     = {N Amann and D Owens and E Rogers},
  Journal    = {International Journal of Control},
  Number     = {2},
  Pages      = {277--293},
  Title      = {Iterative learning control using optimal feedback and feedforward actions },
  Volume     = {65},
  Year       = {1996}
}

@ARTICLE{Dash,
  Author     = {S Dash and V Venkatasubramanian},
  Journal    = {Computers and Chemical Engineering},
  Pages      = {785--791},
  Title      = {Challenges in the industrial applications of fault diagnostic systems},
  Volume     = {24},
  Year       = {2000}
}

@ARTICLE{Blanke,
  Author     = {M Blanke and R Izadi--Zamanabadi and S B\o{}gh and C Lunau},
  Journal    = {Control Engineering Practice},
  Number     = {5},
  Pages      = {693--702},
  Title      = {Fault tolerant control systems--A holistic view},
  Volume     = {5},
  Year       = {1997}
}

@ARTICLE{Nimmo,
  Author     = {I Nimmo},
  Journal    = {Chemical Engineering Progress},
  Pages      = {36--45},
  Title      = {Adequetly address abnormal operations},
  Volume     = {September},
  Year       = {1995}
}

@ARTICLE{Hawman,
  Author     = {G Hawman},
  Journal    = {InTech},
  Pages      = {34--36},
  Title      = {Intelligent alarm management saves industry \$\$\$},
  Volume     = {October},
  Year       = {1997}
}

@ARTICLE{Adriani,
  Author     = {A Adriani and S Lee and D Pradupsriptech and Y Naka},
  Journal    = {Computers and Chemical Engineering},
  Number     = {Suppl,},
  Pages      = {S1203--S1208},
  Title      = {Real time operating procedures to support flexible start--up operation},
  Volume     = {20},
  Year       = {1996}
}

@BOOK{Seborg,
  Address    = {New York},
  Author     = {D Seborg and T Edgar and D Mellichamp},
  Publisher  = {John Wiley \& sons},
  Title      = {Process Dynamics and Control},
  Year       = {1989}
}

@INCOLLECTION{Ghosh,
  Address    = {U S A },
  Author     = {A Ghosh},
  Booktitle  = {Batch Control, Practical Guides for Measurement and Control},
  Editor     = {A Nisenfeld},
  Pages      = {181--211},
  Publisher  = {ISA},
  Title      = {Fundamentals of Batch Logic Documentation},
  Year       = {1996}
}

@ARTICLE{Kheir,
  Author     = {N Kheir and K \AA{}str\''o m and D Auslander and K Cheok and G Franklin and M Masten and M Rabins },
  Journal    = {Automatica},
  Number     = {2},
  Pages      = {147--166
           },
  Title      = {Control Systems Engineering Education },
  Volume     = {32},
  Year       = {1996}
}

@ARTICLE{Han,
  Author     = {M Han and S Park},
  Journal    = {Industrial Engineering and Chemistry Research},
  Pages      = {1565--1574},
  Title      = {Startup of distillation columns using profile position control based on a nonlinear wave model},
  Volume     = {38},
  Year       = {1999}
}

@INCOLLECTION{Hochgesand,
  Address    = {Germany},
  Author     = {G Hochgesand},
  Booktitle  = {Ullman's Encyclopedia of Industrial Chemistry},
  Editor     = {B Elvers},
  Pages      = {169--306},
  Publisher  = {VCH Verlagsgesellschaft},
  Title      = {Gas Production},
  Volume     = {A12},
  Year       = {1989}
}

@BOOK{Levenspiel,
  Address    = {New York},
  Author     = {O Levenspiel},
  Publisher  = {John Wiley and Sons},
  Title      = {Chemical Reaction Egineering},
  Year       = {1999}
}

@ARTICLE{Ludwig85,
  Author     = {R Ludwig and L Est\'{e}vez and J Smith},
  Journal    = {Chemical Engineering Science},
  Number     = {5},
  Pages     = {759--767},
  Title     = {The differential-reactor approximation under dynamic conditions},
  Volume     = {40},
  Year      = {1985}
}

@BOOK{Foglervol2,
  Address    = {London},
  Author     = {H Fogler},
  Publisher   = {Prentice Hall},
  Title     = {Elements of Chemical Reaction Egineering},
  Volume     = {2},
  Year      = {1992}
}

@BOOK{Smith,
  Address    = {New York},
  Author     = {J Smith and H van Ness and M Abbott},
  Publisher  = {McGraw-Hill},
  Title      = {Introduction to chemical engineering thermodynamics},
  Year       = {1996}
}

@INCOLLECTION{Rudolph84,
  Author     = {P Rudolph},
  Booktitle  = {Handbook of Synfuels Technology},
  Editor     = {R Meyers},
  Pages      = {3-1--3-251 },
  Publisher  = {Mcraw-Hill},
  Title      = {Lurgi Coal Gasification (Moving bed Gasifier)},
  Year       = {1984}
}

@ARTICLE{Yoon78,
  Author     = {H Yoon and J Wei and M Denn},
  Journal    = {AIChE Journal},
  Number     = {5},
  Pages      = {885--903},
  Title      = {A model for Moving-Bed coal gasification reactors},
  Volume     = {24},
  Year       = {1978}
}

@BOOK{Incropera96,
  Address    = {New York},
  Author     = {F Incropera and D De Witt},
  Publisher  = {Wiley and Sons},
  Title      = {Introduction to heat transfer},
  Year       = {1996}
}

@BOOK{Perry,
  Address    = {New York},
  Author     = {R Perry and D Green},
  Publisher  = {McGraw-Hill},
  Title      = {Perry's chemical engineers' handbook},
  Year       = {1997}
}

@ARTICLE{Kosky,
  Author     = {P Kosky and J Floess },
  Journal    = {Industrial engineering and chemical process design and development},
  Pages      = {586--592},
  Title      = {Globel model for countercurrent coal gasifiers},
  Volume     = {19},
  Year       = {1980}
}

@ARTICLE{Isermann,
  Author     = {I Isermann},
  Journal    = {Control Engineering Practice},
  Number     = {5},
  Pages     = {639--652},
  Title     = {Supervision, fault-detection and fault-diagnosis methods - An introduction},
  Volume     = {5},
  Year      = {1997}
}

@ARTICLE{Lee,
  Author    = {K Lee and I Chin and H Lee and J Lee},
  Journal   = {AIChE Journal},
  Number    = {10},
  Pages     = {2175--2187},
  Title     = {Model predictive control technique combined with iterative learning for batch processes},
  Volume    = {45},
  Year      = {1999}
}

@ARTICLE{Xu,
  Author    = {J Xu and Q Hu T Lee and S Yamamoto},
  Journal   = {Journal of Process Control},
  Pages     = {321--328},
  Title     = {Iterative learning control with Smith time delay compensator for batch processes},
  Volume    = {11},
  Year      = {2001}
}

@ARTICLE{Pradubsriptech,
  Author    = {D Pradubsripetch and S Lee and A Adriani and Y Naka},
  Journal   = {Computers and chemical engineering},
  Number    = {Suppl.},
  Pages     = {1203--1208},
  Title     = {Real time generation of operating procedures to support flexible start--up operation},
  Volume    = {20},
  Year      = {1996}
}

@ARTICLE{Sorensen,
  Author    = {E S\o{}rensen and S Skogestad},
  Journal   = {Computers and chemical engineering},
  Number    = {Suppl.},
  Pages     = {S1257--S1262},
  Title     = {Optimal startup procedures for batch distillation},
  Volume    = {20},
  Year      = {1996}
}

@Book{Rydholm,
  Author = 	 {S A Rydholm},
  Title = 	 {Pulping processes},
  Publisher = 	 {Interscience Publications},
  Year = 	 {1965},
  Address =      {London}
}

@MastersThesis{Watson,
  author = 	 {E Watson},
  title = 	 {Mathematical modelling and experimental study of the kinetics of the acid sulphite pulping of Eucalyptus wood},
  school = 	 {University of Natal},
  year = 	 {1992},
  address =      {Durban}
}

@Article{Grimble,
  Author = 	 {Michael J Grimble},
  Title = 	 {Controller performance benchmarking and tuning using generalised minimum variance control},
  Journal = 	 {Automatica},
  Year = 	 {2002},
  Volume = 	 {38},
  Pages = 	 {2111--2119}
}

@TechReport{MeneghelModelHist,
  Author = 	 {C Meneghel},
  Title = 	 {Historical review of the existing model's capability},
  Institution =  {SAPPI/SAICCOR},
  Year = 	 {1998},
  Address =      {Umkomaas}
}

@TechReport{MeneghelModelOper,
  Author = 	 {C Meneghel},
  Title = 	 {Investigation of the digester cooking model from an operational point of view},
  Institution =  {SAPPI/SAICCOR},
  Year = 	 {1998},
  Address =      {Umkomaas}
}

@TechReport{MeneghelControl,
  Author = 	 {C Meneghel},
  Title = 	 {Digester control},
  Institution =  {SAPPI/SAICCOR},
  Year = 	 {1999},
  Address =      {Umkomaas}
}

@Article{LucenoPuig,
  author = 	 {Alberto Luce{\~{n}}o and Jaime Puig-Pey},
  title = 	 {An accurate algorithm to calculate the run-length probability distribution, and its convolutions, for a cusum chart to control normal mean},
  journal = 	 {Computational statistics and data analysis},
  year = 	 {2002},
  volume = 	 {38},
  pages = 	 {249--261},
}

@Book{Tycpp,
  author = 	 {Davis Chapman and Jon Bates},
  title = 	 {Teach yourself visual C++ 6 in 21 days},
  publisher = 	 {Macmillan Computer Publishing},
  year = 	 {2000},
  address =      {USA}
}

@Book{CHow,
  author = 	 {H M Deitel and P J Deitel},
  title = 	 {C How to program},
  publisher = 	 {Prentice Hall},
  year = 	 {2001},
  address =      {New Jersey}
}

@Article{Huang,
  author = 	 {Biao Huang},
  title = 	 {Minimum variance control and performance assessment of time-variant processes},
  journal = 	 {Journal of process control},
  year = 	 {2002},
  volume = 	 {12},
  pages = 	 {707--719}
}

@Manual{techspec,
  title = {Technical specifications for control systems at Sappi/SAICCOR Umkomaas},
  author = {ABB}, 
address = {Umkomaas},
  year = {1994}, 
  OPTorganization = {ABB}
}

@article{kalman1960,
    Author = {Kalman and Rudolph and Emil},
    Title = {A New Approach to Linear Filtering and Prediction Problems},
    Journal = {Transactions of the ASME--Journal of Basic Engineering},
    Volume = {82},
    Number = {Series D},
    Pages = {35-45},
    Year = {1960}
}

@article{cruz,
    Author = {R M Oisiovici and S L Cruz},
    Title = {State estimation of batch distillation columns using an extended Kalman filter},
    Journal = {Chemical Engineering Science},
    Volume = {55},
    Pages = {4667-4680},
    Year = {2000}
}

@article{dochain,
    Author = {Denis Dochain},
    Title = {State and parameter estimation in chemical and biochemical processes: a tutorial},
    Journal = {Journal of process control},
    Volume = {13},
    Year = {2003}
}

@article{luenberger,
    Author = {D G Luenberger},
    Title = {Observing the state of a linear system},
    Journal = {IEEE transactions on military electronics},
    Month = {April},
    Pages = {74--80},
    Year = {1964}
}

@article{tarantino,
    Author = {Rocco Tarantino and Ferenc Szigeti and Eliezer Colina-Morles},
    Title = {Generalized Luenberger observer-based fault-detection filter design: an industrial application},
    Journal = {Control Engineering Practice},
    Volume = {8},
    Pages = {665--671},
    Year = {1999}
}

@article{morariimc1,
    Author = {Carlos E Garcia and Manfred Morari},
    Title = {Internal Model Control. 1.  A unifying review and some new results},
    Journal = {Industrial Engineering Chemical Process Design and Development},
    Number = {21},
    Pages = {308--323},
    Year = {1982}
}

@article{morariimc2,
    Author = {Carlos E Garcia and Manfred Morari},
    Title = {Internal Model Control. 2.  Design Procedure for Multivariable Systems},
    Journal = {Industrial Engineering Chemical Process Design and Development},
    Number = {24},
    Pages = {472-484},
    Year = {1985}
}

@article{morariimc3,
    Author = {Carlos E Garcia and Manfred Morari},
    Title = {Internal Model Control. 3.  Multivariable Control Law Computation and Tuning Guides},
    Journal = {Industrial Engineering Chemical Process Design and Development},
    Number = {21},
    Pages = {484--494},
    Year = {1985}
}

@article{narendramrac,
    Author = {Kumpati S Narendra and Lena S Valavani},
    Title = {Direct and indirect model reference adaptive control},
    Journal = {Automatica},
    Volume = {15},
    Number = {6},
    Pages = {653-664},
    Year = {1979}
}

@Book{maciejowski2002,
  author = 	 {J M Maciejowski},
  title = 	 {Predictive control with constraints},
  publisher = 	 {Prentice Hall},
  year = 	 {2002},
  OPTkey = 	 {},
  OPTvolume = 	 {},
  OPTnumber = 	 {},
  OPTseries = 	 {},
  address = 	 {Essex, England},
  OPTedition = 	 {},
  OPTmonth = 	 {},
  OPTnote = 	 {},
  OPTannote = 	 {}
}

@Article{tolim,
  author = 	 {T O Lim},
  title = 	 {Statistical process control tools for monitoring clinical performance},
  journal = 	 {International Journal for Quality in Health Care},
  year = 	 {2002},
  OPTkey = 	 {},
  volume = 	 {15},
  number = 	 {1},
  OPTpages = 	 {},
  OPTmonth = 	 {},
  OPTnote = 	 {},
  OPTannote = 	 {}
}

@Book{shewart,
  author = 	 {W A Shewart},
  ALTeditor = 	 {},
  title = 	 {Economic control of Quality of Manufactured Product},
  publisher = 	 {Van Nostrand Reinhold Co.},
  year = 	 {1931},
  OPTkey = 	 {},
  OPTvolume = 	 {},
  OPTnumber = 	 {},
  OPTseries = 	 {},
  address = 	 {New York},
  OPTedition = 	 {},
  OPTmonth = 	 {},
  OPTnote = 	 {},
  OPTannote = 	 {}
}

@Book{luriedekker,
  author = 	 {Boris J Lurie and Paul J Enright},
  ALTeditor = 	 {},
  title = 	 {Classical feedback control with Matlab},
  publisher = 	 {Marcel Decker},
  year = 	 {2000},
  OPTkey = 	 {},
  OPTvolume = 	 {},
  OPTnumber = 	 {},
  OPTseries = 	 {},
  address = 	 {New York},
  OPTedition = 	 {},
  OPTmonth = 	 {},
  OPTnote = 	 {},
  OPTannote = 	 {}
}

@Book{chakravartistat,
  author = 	 {I M Chakravarti and R G Laha and J Roy},
  ALTeditor = 	 {},
  title = 	 {Handbook of Methods of Applied Statistics},
  publisher = 	 {John Wiley and Sons},
  year = 	 {1967},
  OPTkey = 	 {},
  volume = 	 {I},
  OPTnumber = 	 {},
  OPTseries = 	 {},
  address = 	 {USE},
  OPTedition = 	 {},
  OPTmonth = 	 {},
  OPTnote = 	 {},
  OPTannote = 	 {}
}

@Article{shapirowilk,
  author = 	 {S S Shapiro and M B Wilk},
  title = 	 {An analysis of variance test for normality (complete samples)},
  journal = 	 {Biometrika},
  year = 	 {1965},
  OPTkey = 	 {},
  volume = 	 {3},
  number = 	 {52},
  OPTpages = 	 {591--661},
  OPTmonth = 	 {},
  OPTnote = 	 {},
  OPTannote = 	 {}
}